<?xml version="1.0" encoding="UTF-8"?><collection xmlns="http://www.loc.gov/MARC21/slim"><record><leader>00483nam--2200169-i-4500</leader><controlfield tag="001">000031237</controlfield><controlfield tag="002">20161230</controlfield><controlfield tag="005">20161230201038</controlfield><controlfield tag="008">060222s1000------------r-----000-0-eng-d</controlfield><datafield ind1=" " ind2=" " tag="080"><subfield code="a">51</subfield></datafield><datafield ind1=" " ind2=" " tag="100"><subfield code="a">MEISEL, Wiliam. S</subfield></datafield><datafield ind1=" " ind2=" " tag="245"><subfield code="a">Computer-oriented approaches to pattern recongnition</subfield></datafield><datafield ind1=" " ind2=" " tag="260"><subfield code="a">NEW YORK, ACADEMIC PRESS, 1972, 250 p</subfield></datafield><datafield ind1=" " ind2=" " tag="490"><subfield code="a">Mathematics In Science And Engineering</subfield><subfield code="v">vol. 83</subfield></datafield><datafield ind1=" " ind2=" " tag="700"><subfield code="a">Meisel, William S</subfield></datafield><datafield ind1=" " ind2=" " tag="852"><subfield code="a">17315</subfield></datafield><datafield ind1=" " ind2=" " tag="CAT"><subfield code="a">Sys</subfield><subfield code="c">20080404</subfield><subfield code="h">123445</subfield></datafield></record></collection>